@MISC{ReformalizingConsensus,
	AUTHOR = {Vlad Zamfir},
	TITLE = {Reformalizing Consensus},
	HOWPUBLISHED = "\url{https://docs.google.com/a/coinculture.info/file/d/0B-K9o2o4ZPnpMjBRQ25VN0ZnN1E/edit}",
}

@MISC{TM,
	AUTHOR = {Jae Kwon},
	TITLE = {Tendermint: Consensus without Mining},
	HOWPUBLISHED = "\url{http://tendermint.com/docs/tendermint.pdf}",
}

@MISC{Slasher,
	AUTHOR = {Vitalik Buterin},
	TITLE = {How I learned to love weak subjectivity},
	HOWPUBLISHED = "\url{https://blog.ethereum.org/2014/11/25/proof-stake-learned-love-weak-subjectivity/}",
}

@MISC{GHOST,
    AUTHOR = {Y. Sompolinsky, A. Zohar},
    TITLE = "Accelerating Bitcoin's Transaction Processing \ Fast Money Grows on TREES Not Chains",
    HOWPUBLISHED = "\url{https://eprint.iacr.org/2013/881.pdf}"
}
